@misc{uvod,
title = {{Compiler Design - Code Optimization}},
note = {on-line at: \url{https://www.tutorialspoint.com/compiler_design/compiler_design_code_optimization.htm}}
}

@misc{osnovnaPodela,
title = {{Code Optimization in Compiler Design}},
note = {on-line at: \url{https://www.codingninjas.com/codestudio/library/code-optimization-in-compiler-design}},
    author = {Shekhar Kumar Singh}
}

@book{fogOptimizacije,
  title={{Optimizing software in C++}},
  author={Agner Fog},
  url={https://www.agner.org/optimize/optimizing_cpp.pdf},
  year={2004}
}


@misc{stanford,
title = {{Kompajleri Stanford}},
note = {on-line at: \url{https://web.stanford.edu/class/archive/cs/cs143/cs143.1128/}}
}

@book{kkFM,
  title={{Konstrukcija kompilatora}},
  author={Filip Marić},
  url={http://poincare.matf.bg.ac.rs/~filip/kk/materijali/kk.pdf}
  }

@book{kkMVJ,
  title={{Konstrukcija kompilatora}},
  author={Milena Vujošević Janičić.},
  url={http://www.prevodioci.matf.bg.ac.rs/kk/2020/predavanja/09_optimizacija_koda_text.pdf}
}

@misc{gccVsClang,
title = {{GCC vs. Clang/LLVM: An In-Depth Comparison of C/C++ Compilers}},
note = {on-line at: \url{https://alibabatech.medium.com/gcc-vs-clang-llvm-an-in-depth-comparison-of-c-c-compilers-899ede2be378}},
    year = {2019}
}

@book{gnuSamardzic,
  title={{GNU programski alati}},
  author={Aleksandar Samardzić},
  url={http://poincare.matf.bg.ac.rs/~asamardzic//gnu.pdf},
  year={2002},
  }

@misc{gccOptions,
title = {{Options That Control Optimization}},
note = {on-line at: \url{https://gcc.gnu.org/onlinedocs/gcc/Optimize-Options.html}}
}  

@article{llvm1,
    author = {Serdar Yegulalp},
    journal = {InfoWorld},
    posted-at = {2020-03-11 3:00},
    title = {{What is LLVM? The power behind Swift, Rust, Clang, and more}},
    year = {2020}
}

@misc{opt,
title = {{opt - LLVM optimizer}},
note = {on-line at: \url{https://releases.llvm.org/13.0.0/docs/CommandGuide/opt.html}}
} 

@misc{pass,
title = {{Writing an LLVM Pass}},
note = {on-line at: \url{https://llvm.org/docs/WritingAnLLVMPass.html}}
} 

@misc{pass2,
title = {{LLVM’s Analysis and Transform Passes}},
note = {on-line at: \url{https://llvm.org/docs/Passes.html#utility-passes}}
} 

@misc{natImgGraal01,
title = {{GraalVM Manual - Native Image}},
note = {on-line at: \url{https://www.graalvm.org/22.0/reference-manual/native-image/#:~:text=Native%20Image%20is%20a%20technology%20to%20ahead%2Dof%2Dtime%20compile%20Java%20code%20to%20a%20standalone%20executable%2C%20called%20a%20native%20image}}
}

@misc{natImgGraal02,
title = {{GraalVM Manual - Native Image}},
note = {on-line at: \url{https://www.graalvm.org/22.0/reference-manual/native-image/#:~:text=This%20executable%20includes,thread%20scheduling%20etc}}
}

@misc{llvm-gcc,
title = {{llvmgcc}},
note = {on-line at: \url{https://releases.llvm.org/2.9/docs/CommandGuide/html/llvmgcc.html}}
}
